@book{mohri2018FoML,
  title={Foundations of machine learning},
  author={Mohri, Mehryar and Rostamizadeh, Afshin and Talwalkar, Ameet},
  year={2018},
  publisher={MIT press}
}

@article{sinha2016learning,
  title={Learning kernels with random features},
  author={Sinha, Aman and Duchi, John C},
  journal={Advances in neural information processing systems},
  volume={29},
  year={2016}
}

@ARTICLE{Jayadeva2007twsvm,
  author={Jayadeva and Khemchandani, R. and Chandra, Suresh},
  journal={IEEE Transactions on Pattern Analysis and Machine Intelligence}, 
  title={Twin Support Vector Machines for Pattern Classification}, 
  year={2007},
  volume={29},
  number={5},
  pages={905-910},
}

@article{rahimi2007rff,
  title={Random features for large-scale kernel machines},
  author={Rahimi, Ali and Recht, Benjamin},
  journal={Advances in neural information processing systems},
  volume={20},
  year={2007}
}

@inproceedings{duchi2008L1Proj,
  title={Efficient projections onto the $l_1$-ball for learning in high dimensions},
  author={Duchi, John and Shalev-Shwartz, Shai and Singer, Yoram and Chandra, Tushar},
  booktitle={Proceedings of the 25th international conference on Machine learning},
  pages={272--279},
  year={2008}
}

@ARTICLE{Tian2014NPSVM,
  author={Tian, Yingjie and Qi, Zhiquan and Ju, Xuchan and Shi, Yong and Liu, Xiaohui},
  journal={IEEE Transactions on Cybernetics}, 
  title={Nonparallel Support Vector Machines for Pattern Classification}, 
  year={2014},
  volume={44},
  number={7},
  pages={1067-1079},
}

@article{ArunKumar2009LSTWSVM,
title = {Least squares twin support vector machines for pattern classification},
journal = {Expert Systems with Applications},
volume = {36},
number = {4},
pages = {7535-7543},
year = {2009},
author = {M. {Arun Kumar} and M. Gopal},
}

@article{Yuan2021CTWSVM,
title = {Correntropy-based metric for robust twin support vector machine},
journal = {Information Sciences},
volume = {545},
pages = {82-101},
year = {2021},
author = {Chao Yuan and Liming Yang and Ping Sun},
}

@ARTICLE{Xu2016pinTWSVM,
  author={Xu, Yitian and Yang, Zhiji and Pan, Xianli},
  journal={IEEE Transactions on Neural Networks and Learning Systems}, 
  title={A Novel Twin Support-Vector Machine With Pinball Loss}, 
  year={2017},
  volume={28},
  number={2},
  pages={359-370},
}

@article{TANVEER2019pinTWSVM,
  title = {General twin support vector machine with pinball loss function},
  journal = {Information Sciences},
  volume = {494},
  pages = {311-327},
  year = {2019},
  author = {M. Tanveer and A. Sharma and P.N. Suganthan},
}

@article{Shao2014NPSVM,
title = {Nonparallel hyperplane support vector machine for binary classification problems},
journal = {Information Sciences},
volume = {263},
pages = {22-35},
year = {2014},
author = {Yuan-Hai Shao and Wei-Jie Chen and Nai-Yang Deng},
}

@ARTICLE{Liu2021INPSVM,
  author={Liu, Liming and Chu, Maoxiang and Gong, Rongfen and Zhang, Li},
  journal={IEEE Transactions on Neural Networks and Learning Systems}, 
  title={An Improved Nonparallel Support Vector Machine}, 
  year={2021},
  volume={32},
  number={11},
  pages={5129-5143},
}

@ARTICLE{Zhang2023RMTBSVM,
  author={Zhang, Junhong and Lai, Zhihui and Kong, Heng and Shen, Linlin},
  journal={IEEE Transactions on Cybernetics}, 
  title={Robust Twin Bounded Support Vector Classifier With Manifold Regularization}, 
  year={2023},
  volume={53},
  number={8},
  pages={5135-5150},
}


@book{scholkopf2002kernel,
  title={Learning with kernels: support vector machines, regularization, optimization, and beyond},
  author={Sch{\"o}lkopf, Bernhard and Smola, Alexander J and Bach, Francis and others},
  year={2002},
  publisher={MIT press}
}

@article{cortes1995svm,
  title={Support-vector networks},
  author={Cortes, Corinna and Vapnik, Vladimir},
  journal={Machine learning},
  volume={20},
  pages={273--297},
  year={1995},
  publisher={Springer}
}

@book{boyd2004CVXOPT,
  title={Convex optimization},
  author={Boyd, Stephen and Boyd, Stephen P and Vandenberghe, Lieven},
  year={2004},
  publisher={{Cambridge University press}}
}

@article{nie2017GPI,
  title={A generalized power iteration method for solving quadratic problem on the Stiefel manifold},
  author={Nie, Feiping and Zhang, Rui and Li, Xuelong},
  journal={Science China Information Sciences},
  volume={60},
  pages={273--297},
  year={2017},
  publisher={Springer}
}

@inproceedings{Hsieh2008cddual,
author = {Hsieh, Cho-Jui and Chang, Kai-Wei and Lin, Chih-Jen and Keerthi, S. Sathiya and Sundararajan, S.},
title = {A Dual Coordinate Descent Method for Large-Scale Linear {SVM}},
year = {2008},
booktitle = {Proceedings of the 25th International Conference on Machine Learning},
pages = {408-415},
numpages = {8},
}

@article{mangasarian1999SOR,
  title={Successive overrelaxation for support vector machines},
  author={Mangasarian, Olvi L and Musicant, David R},
  journal={{IEEE Transactions on Neural Networks}},
  volume={10},
  number={5},
  pages={1032--1037},
  year={1999},
  publisher={IEEE}
}

@inproceedings{Multitask2018Sener,
 author = {Sener, Ozan and Koltun, Vladlen},
 booktitle = {Advances in Neural Information Processing Systems},
 pages = {},
 title = {Multi-Task Learning as Multi-Objective Optimization},
 year = {2018}
}

@inproceedings{ijcai2021p342,
  title     = {{DA-GCN}: A Domain-aware Attentive Graph Convolution Network for Shared-account Cross-domain Sequential Recommendation},
  author    = {Guo, Lei and Tang, Li and Chen, Tong and Zhu, Lei and Nguyen, Quoc Viet Hung and Yin, Hongzhi},
  booktitle = {Proceedings of the Thirtieth International Joint Conference on
               Artificial Intelligence, {IJCAI-21}},
  pages     = {2483--2489},
  year      = {2021},
}


@article{MGDA2012,
	title = {Multiple-gradient descent algorithm ({MGDA}) for multiobjective optimization},
	volume = {350},
	number = {5-6},
	journal = {Comptes Rendus Mathematique},
	author = {Désidéri, Jean-Antoine},
	year = {2012},
	pages = {313--318},
}

@article{Giagkiozis2015MultiObj,
title = {Methods for multi-objective optimization: An analysis},
journal = {Information Sciences},
volume = {293},
pages = {338-350},
year = {2015},
issn = {0020-0255},
author = {I. Giagkiozis and P.J. Fleming},
}

@article{he2005LPP,
  title={Face recognition using laplacianfaces},
  author={He, Xiaofei and Yan, Shuicheng and Hu, Yuxiao and Niyogi, Partha and Zhang, Hong-Jiang},
  journal={IEEE Transactions on Pattern Analysis and Machine Intelligence},
  volume={27},
  number={3},
  pages={328--340},
  year={2005},
}


@article{wen2013Stiefel,
	title = {A feasible method for optimization with orthogonality constraints},
	volume = {142},
	number = {1},
	journal = {Mathematical Programming},
	author = {Wen, Zaiwen and Yin, Wotao},
	year = {2013},
	pages = {397--434},
}

@article{beck2014DoubleCoordinate,
  title={The 2-coordinate descent method for solving double-sided simplex constrained minimization problems},
  author={Beck, Amir},
  journal={Journal of Optimization Theory and Applications},
  volume={162},
  pages={892--919},
  year={2014},
  publisher={Springer}
}

@article{Shao2011TBSVM,
  author={Shao, Yuan-Hai and Zhang, Chun-Hua and Wang, Xiao-Bo and Deng, Nai-Yang},
  journal={IEEE Transactions on Neural Networks}, 
  title={Improvements on Twin Support Vector Machines}, 
  year={2011},
  volume={22},
  number={6},
  pages={962-968},
}

@ARTICLE{Ke2020Welsch,
  author={Ke, Jingchen and Gong, Chen and Liu, Tongliang and Zhao, Lin and Yang, Jian and Tao, Dacheng},
  journal={IEEE Transactions on Cybernetics}, 
  title={Laplacian Welsch Regularization for Robust Semisupervised Learning}, 
  year={2022},
  volume={52},
  number={1},
  pages={164-177},
}

@inproceedings{momma2022multiobj,
  title={A multi-objective/multi-task learning framework induced by {Pareto} stationarity},
  author={Momma, Michinari and Dong, Chaosheng and Liu, Jia},
  booktitle={International Conference on Machine Learning},
  pages={15895--15907},
  year={2022}
}


@article{Xie2013OVRTWSVM,
	title = {Extending twin support vector machine classifier for multi-category classification problems},
	volume = {17},
	number = {4},
	journal = {Intelligent Data Analysis},
	author = {Xie, Juanying and Hone, Kate and Xie, Weixin and Gao, Xinbo and Shi, Yong and Liu, Xiaohui},
	year = {2013},
	pages = {649--664},
}


@article{yang2013MBTWSVM,
	title = {Multiple birth support vector machine for multi-class classification},
	volume = {22},
	issn = {1433-3058},
	number = {1},
	journal = {Neural Computing and Applications},
	author = {Yang, Zhi-Xia and Shao, Yuan-Hai and Zhang, Xiang-Sun},
	year = {2013},
	pages = {153--161},
}


@InProceedings{Li2022DeepTWSVM,
    author={Li, Mingchen and Yang, Zhiji},
    title={Deep Twin Support Vector Networks},
    booktitle={Artificial Intelligence},
    year={2022},
    pages={94--106},
}

@article{zou2006spca,
  title={Sparse principal component analysis},
  author={Zou, Hui and Hastie, Trevor and Tibshirani, Robert},
  journal={Journal of computational and graphical statistics},
  pages={265--286},
  year={2006},
  publisher={JSTOR}
}

@article{Bai2014FeaSelTWSVM,
  title = {A novel feature selection method for twin support vector machine},
  volume = {59},
  journal = {Knowledge-Based Systems},
  author = {Bai, Lan and Wang, Zhen and Shao, Yuan-Hai and Deng, Nai-Yang},
  year = {2014},
  pages = {1--8},
}

@article{Xie2023DeepMultiview,
	title = {Deep multi-view multiclass twin support vector machines},
	volume = {91},
	journal = {Information Fusion},
	author = {Xie, Xijiong and Li, Yanfeng and Sun, Shiliang},
	year = {2023},
	pages = {80--92},
}

@article{Qi2012LapTWSVM,
  title = {Laplacian twin support vector machine for semi-supervised classification},
  journal = {Neural Networks},
  volume = {35},
  pages = {46-53},
  year = {2012},
  author = {Zhiquan Qi and Yingjie Tian and Yong Shi},
}

@article{Gao2021L1TWSVM,
title = {1-Norm least squares twin support vector machines},
journal = {Neurocomputing},
volume = {74},
number = {17},
pages = {3590-3597},
year = {2011},
author = {Shangbing Gao and Qiaolin Ye and Ning Ye},
}

@article{ding2019multiclassTWSVM,
  title={A review on multi-class {TWSVM}},
  author={Ding, Shifei and Zhao, Xingyu and Zhang, Jian and Zhang, Xiekai and Xue, Yu},
  journal={Artificial Intelligence Review},
  volume={52},
  pages={775--801},
  year={2019},
  publisher={Springer}
}

@ARTICLE{Mangasarian2006GEPSVM,
  author={Mangasarian, O.L. and Wild, E.W.},
  journal={IEEE Transactions on Pattern Analysis and Machine Intelligence}, 
  title={Multisurface proximal support vector machine classification via generalized eigenvalues}, 
  year={2006},
  volume={28},
  number={1},
  pages={69-74},
}

@article{goudjil2018novel,
  title={A novel active learning method using {SVM} for text classification},
  author={Goudjil, Mohamed and Koudil, Mouloud and Bedda, Mouldi and Ghoggali, Noureddine},
  journal={International Journal of Automation and Computing},
  volume={15},
  pages={290--298},
  year={2018},
  publisher={Springer}
}

@article{chandra2021survey,
  title={Survey on {SVM} and their application in image classification},
  author={Chandra, Mayank Arya and Bedi, SS},
  journal={International Journal of Information Technology},
  volume={13},
  pages={1--11},
  year={2021},
  publisher={Springer}
}

@article{chen2005nuSVC,
  title={A tutorial on $\nu$-support vector machines},
  author={Chen, Pai-Hsuen and Lin, Chih-Jen and Sch{\"o}lkopf, Bernhard},
  journal={Applied Stochastic Models in Business and Industry},
  volume={21},
  number={2},
  pages={111--136},
  year={2005},
  publisher={Wiley Online Library}
}

@article{suykens1999LSSVM,
  title={Least squares support vector machine classifiers},
  author={Suykens, Johan AK and Vandewalle, Joos},
  journal={Neural Processing Letters},
  volume={9},
  number={3},
  pages={293--300},
  year={1999},
  publisher={Springer}
}

@article{Russel2023AppLSSVM,
author = {Russel R. Majeed and Sarmad K. D. Alkhafaji},
title = {{ECG} classification system based on multi-domain features approach coupled with least square support vector machine ({LS-SVM})},
journal = {Computer Methods in Biomechanics and Biomedical Engineering},
volume = {26},
number = {5},
pages = {540-547},
year = {2023},
publisher = {Taylor & Francis},
}

@inproceedings{wang2019svm,
  title={{SVM}-based deep stacking networks},
  author={Wang, Jingyuan and Feng, Kai and Wu, Junjie},
  booktitle={Proceedings of the AAAI conference on artificial intelligence},
  volume={33},
  number={01},
  pages={5273--5280},
  year={2019}
}

@inproceedings{wang2018cosface,
  title={Cosface: Large margin cosine loss for deep face recognition},
  author={Wang, Hao and Wang, Yitong and Zhou, Zheng and Ji, Xing and Gong, Dihong and Zhou, Jingchao and Li, Zhifeng and Liu, Wei},
  booktitle={Proceedings of the IEEE conference on computer vision and pattern recognition},
  pages={5265--5274},
  year={2018}
}

@inproceedings{deng2019arcface,
  title={Arcface: Additive angular margin loss for deep face recognition},
  author={Deng, Jiankang and Guo, Jia and Xue, Niannan and Zafeiriou, Stefanos},
  booktitle={Proceedings of the IEEE/CVF conference on computer vision and pattern recognition},
  pages={4690--4699},
  year={2019}
}

@ARTICLE{Wang2018MarginSoftmax,
  author={Wang, Feng and Cheng, Jian and Liu, Weiyang and Liu, Haijun},
  journal={IEEE Signal Processing Letters}, 
  title={Additive Margin Softmax for Face Verification}, 
  year={2018},
  volume={25},
  number={7},
  pages={926-930},
}

@article{diaz2020deepSVM,
  title={Deep support vector neural networks},
  author={Diaz-Vico, David and Prada, Jesus and Omari, Adil and Dorronsoro, Jose},
  journal={Integrated Computer-Aided Engineering},
  volume={27},
  number={4},
  pages={389--402},
  year={2020},
  publisher={IOS Press}
}

@inproceedings{Liu2016LMSL,
author = {Liu, Weiyang and Wen, Yandong and Yu, Zhiding and Yang, Meng},
title = {Large-Margin Softmax Loss for Convolutional Neural Networks},
year = {2016},
booktitle = {Proceedings of the 33rd International Conference on International Conference on Machine Learning},
pages = {507–516},
numpages = {10},
}

@InProceedings{Kavalerov2021WACV,
    author    = {Kavalerov, Ilya and Czaja, Wojciech and Chellappa, Rama},
    title     = {A Multi-Class Hinge Loss for Conditional {GANs}},
    booktitle = {Proceedings of the IEEE/CVF Winter Conference on Applications of Computer Vision},
    year      = {2021},
    pages     = {1290-1299}
}

@article{crammer2001CSSVM,
  title={On the algorithmic implementation of multiclass kernel-based vector machines},
  author={Crammer, Koby and Singer, Yoram},
  journal={Journal of machine learning research},
  volume={2},
  pages={265--292},
  year={2001}
}

@article{xie2020mmpp,
  title={On the optimal solution to maximum margin projection pursuit},
  author={Xie, Deyan and Nie, Feiping and Gao, Quanxue},
  journal={Multimedia Tools and Applications},
  volume={79},
  pages={35441--35461},
  year={2020},
  publisher={Springer}
}


@InProceedings{Mao2023CE,
  title = 	 {Cross-Entropy Loss Functions: Theoretical Analysis and Applications},
  author =       {Mao, Anqi and Mohri, Mehryar and Zhong, Yutao},
  booktitle = 	 {Proceedings of the 40th International Conference on Machine Learning},
  pages = 	 {23803--23828},
  year = 	 {2023},
}

@InProceedings{Simonyan2015VGG,
  author       = "Karen Simonyan and Andrew Zisserman",
  title        = "Very Deep Convolutional Networks for Large-Scale Image Recognition",
  booktitle    = "International Conference on Learning Representations",
  year         = "2015",
  pages        = {1-14},
}

@INPROCEEDINGS{He2016ResNet,
  author={He, Kaiming and Zhang, Xiangyu and Ren, Shaoqing and Sun, Jian},
  booktitle={IEEE/CVF Conference on Computer Vision and Pattern Recognition}, 
  title={Deep Residual Learning for Image Recognition}, 
  year={2016},
  pages={770-778},
}

@inproceedings{liu2022convnet,
  title={A convnet for the 2020s},
  author={Liu, Zhuang and Mao, Hanzi and Wu, Chao-Yuan and Feichtenhofer, Christoph and Darrell, Trevor and Xie, Saining},
  booktitle={Proceedings of the IEEE/CVF conference on computer vision and pattern recognition},
  pages={11976--11986},
  year={2022}
}

@inproceedings{Vaswani2017Transformer,
 author = {Vaswani, Ashish and Shazeer, Noam and Parmar, Niki and Uszkoreit, Jakob and Jones, Llion and Gomez, Aidan N and Kaiser, \L ukasz and Polosukhin, Illia},
 booktitle = {Advances in Neural Information Processing Systems},
 pages = {},
 title = {Attention is All you Need},
 year = {2017}
}

@inproceedings{dosovitskiy2020ViT,
  title={An Image is Worth 16x16 Words: Transformers for Image Recognition at Scale},
  author={Dosovitskiy, Alexey and Beyer, Lucas and Kolesnikov, Alexander and Weissenborn, Dirk and Zhai, Xiaohua and Unterthiner, Thomas and Dehghani, Mostafa and Minderer, Matthias and Heigold, Georg and Gelly, Sylvain and others},
  booktitle={International Conference on Learning Representations},
  year={2020}
}

@article{Kim2009CHG,
  author={Kim, Tae-Kyun and Cipolla, Roberto},
  journal={IEEE Transactions on Pattern Analysis and Machine Intelligence}, 
  title={Canonical Correlation Analysis of Video Volume Tensors for Action Categorization and Detection}, 
  year={2009},
  volume={31},
  number={8},
  pages={1415-1428},
}

@TECHREPORT{cifar10,
    author = {Alex Krizhevsky},
    title = {Learning multiple layers of features from tiny images},
    institution = {},
    year = {2009}
}

@InProceedings{dtd,
author = {Cimpoi, Mircea and Maji, Subhransu and Kokkinos, Iasonas and Mohamed, Sammy and Vedaldi, Andrea},
title = {Describing Textures in the Wild},
booktitle = {Proceedings of the IEEE Conference on Computer Vision and Pattern Recognition},
year = {2014}
}

@InProceedings{flowers102,
  author       = "Maria-Elena Nilsback and Andrew Zisserman",
  title        = "Automated Flower Classification over a Large Number of Classes",
  booktitle    = "Indian Conference on Computer Vision, Graphics and Image Processing",
  month        = "Dec",
  year         = "2008",
}

@article{russakovsky2015imagenet,
  title={Imagenet large scale visual recognition challenge},
  author={Russakovsky, Olga and Deng, Jia and Su, Hao and Krause, Jonathan and Satheesh, Sanjeev and Ma, Sean and Huang, Zhiheng and Karpathy, Andrej and Khosla, Aditya and Bernstein, Michael and others},
  journal={International journal of computer vision},
  volume={115},
  pages={211--252},
  year={2015},
  publisher={Springer}
}

@inproceedings{loshchilov2016sgdr,
  title={{SGDR}: Stochastic Gradient Descent with Warm Restarts},
  author={Loshchilov, Ilya and Hutter, Frank},
  booktitle={International Conference on Learning Representations},
  year={2016}
}

