@ARTICLE{L1infprox,
  author={B\'ejar, Benjam\'in and Dokmani\'c, Ivan and Vidal, Ren\'e},
  journal={IEEE Transactions on Pattern Analysis and Machine Intelligence}, 
  title={{The Fastest $\ell_{\infty,1}$ Prox in the West}}, 
  year={2022},
  volume={44},
  number={7},
  pages={3858-3869},
  doi={10.1109/TPAMI.2021.3059301}
}