@article{lai2017RDR,
  title={Robust discriminant regression for feature extraction},
  author={Lai, Zhihui and Mo, Dongmei and Wong, Wai Keung and Xu, Yong and Miao, Duoqian and Zhang, David},
  journal={{IEEE Transactions on Cybernetics}},
  volume={48},
  number={8},
  pages={2472--2484},
  year={2018},
  publisher={IEEE}
}