@inproceedings{2008cddual,
  title={A dual coordinate descent method for large-scale linear SVM},
  author={Hsieh, Cho-Jui and Chang, Kai-Wei and Lin, Chih-Jen and Keerthi, S Sathiya and Sundararajan, Sellamanickam},
  booktitle={Proceedings of the 25th international conference on Machine learning},
  pages={408--415},
  year={2008}
}

@article{1999qpsor,
  title={Successive overrelaxation for support vector machines},
  author={Mangasarian, Olvi L and Musicant, David R},
  journal={IEEE Transactions on Neural Networks},
  volume={10},
  number={5},
  pages={1032--1037},
  year={1999},
  publisher={IEEE}
}